@article{wolff1989collective,
  title={Collective Monte Carlo updating for spin systems},
  author={Wolff, Ulli},
  journal={Physical Review Letters},
  volume={62},
  number={4},
  pages={361},
  year={1989},
  publisher={APS}
}

@article{blote2002cluster,
  title={Cluster Monte Carlo simulation of the transverse Ising model},
  author={Bl{\"o}te, Henk WJ and Deng, Youjin},
  journal={Physical Review E},
  volume={66},
  number={6},
  pages={066110},
  year={2002},
  publisher={APS}
}

@article{smith2023aperiodic,
  title={An aperiodic monotile},
  author={Smith, David and Myers, Joseph Samuel and Kaplan, Craig S and Goodman-Strauss, Chaim},
  journal={arXiv preprint arXiv:2303.10798},
  year={2023}
}